@masterthesis{Qtvz's,
	title={Polar Stereographic Projection},
	author={Qtvz},
	year={2019},
	school={hnust},
	address={HN}
}
@article{11,
  title={aa},
  author={dd},
  journal={ss},
  volume={25},
  pages={29--30},
  year={2006}
}
@online{la,
	author = {la},
	title = {la},
	howpublished = {[EB/OL]},
	URL={https://sss},
	addres={da},
	citedate={6.10},
	year={2019}
}